@book{Kasahara,
	author = {笠原皓司},
	title = {微分積分学},
	publisher = {サイエンス社},
	year = {1974}
}